@article{Ag1000gConsortium2017,
author = {The Anopheles gambiae 1000 Genomes Consortium},
journal = {Nature},
pages = {96-100},
title = {{Natural diversity of the malaria vector \textit{Anopheles gambiae}}},
volume = {552},
year = {2017}
}

@article{silva2014,
  title={Mutations in the voltage-gated sodium channel gene of anophelines and their association with resistance to pyrethroids--a review},
  author={Silva, Ana Paula B and Santos, Joselita Maria M and Martins, Ademir J},
  journal={Parasites \& vectors},
  volume={7},
  number={1},
  pages={450},
  year={2014},
  publisher={BioMed Central}
}


@article{Santolamazza2015,
author = {Santolamazza, Federica and Caputo, Beniamino and Nwakanma, Davis C and Fanello, Caterina and Petrarca, Vincenzo and Conway, David J and Weetman, David and Pinto, Joao and Mancini, Emiliano and {Della Torre}, Alessandra},
doi = {10.1186/s12936-014-0522-1},
issn = {1475-2875},
journal = {Malaria Journal},
keywords = {Mosquito,Malaria,Hybridization,correspondence,emiliano,hybridization,it,malaria,mancini,mosquito,uniroma1},
number = {1},
pages = {9},
title = {{Remarkable diversity of intron-1 of the para voltage-gated sodium channel gene in an \textit{Anopheles gambiae}/\textit{Anopheles coluzzii} hybrid zone.}},
url = {http://www.pubmedcentral.nih.gov/articlerender.fcgi?artid=4308935{\&}tool=pmcentrez{\&}rendertype=abstract},
volume = {14},
year = {2015}
}

@article{Sonoda2008,
author = {Sonoda, Shoji and Tsukahara, Yoshitaka and Ashfaq, Muhammad and Tsumuki, Hisaaki},
doi = {10.1002/arch.20246},
issn = {07394462},
journal = {Archives of Insect Biochemistry and Physiology},
keywords = {Diamondback moth,Plutella xylostella,Pyrethroid,Sodium channel},
number = {1},
pages = {1--12},
title = {{Genomic organization of the para-sodium channel ??-subunit genes from the pyrethroid-resistant and -susceptible strains of the diamondback moth}},
volume = {69},
year = {2008}
}

@article{Sabeti2006,
author = {Sabeti, P. C.},
doi = {10.1126/science.1124309},
issn = {0036-8075},
journal = {Science},
number = {5780},
pages = {1614--1620},
title = {{Positive Natural Selection in the Human Lineage}},
url = {http://www.sciencemag.org/cgi/doi/10.1126/science.1124309},
volume = {312},
year = {2006}
}

@article{Sabeti2002,
author = {Sabeti, Pardis C. and Reich, David E. and Higgins, John M. and Levine, Haninah Z. P. and Richter, Daniel J. and Schaffner, Stephen F. and Gabriel, Stacey B. and Platko, Jill V. and Patterson, Nick J. and McDonald, Gavin J. and Ackerman, Hans C. and Campbell, Sarah J. and Altshuler, David and Cooper, Richard and Kwiatkowski, Dominic and Ward, Ryk and Lander, Eric S.},
doi = {10.1038/nature01140},
issn = {0028-0836},
journal = {Nature},
number = {6909},
pages = {832--837},
title = {{Detecting recent positive selection in the human genome from haplotype structure}},
url = {http://www.nature.com/doifinder/10.1038/nature01140},
volume = {419},
year = {2002}
}

@techreport{WorldHealthOrganization2012,
address = {Geneva},
author = {{World Health Organization}},
institution = {{World Health Organization}},
title = {{Global Plan for Insecticide Resistance Management (GPIRM)}},
year = {2012}
}

@techreport{WorldHealthOrganization2016,
address = {Geneva},
author = {{World Health Organization}},
institution = {{World Health Organization}},
title = {{Implications of insecticide resistance for malaria vector control}},
year = {2016}
}

@article{WorldHealthOrganization2013,
author = {{World Health Organization}},
doi = {10.1007/978-3-642-10565-4},
issn = {924150515X},
journal = {World Health Organisation Technical Report Series},
keywords = {Insect Control,Insecticide Resistance,Insecticides,Malaria - prevention and control,Test procedures for insecticide resistance monitor,World Health Organization,World Health Organization 2016},
pages = {22},
title = {{Test procedures for insecticide resistance monitoring in malaria vector mosquitoes}},
url = {http://apps.who.int/iris/bitstream/10665/250677/1/9789241511575-eng.pdf},
year = {2013}
}

@article{Turner2005,
author = {Turner, Thomas L. and Hahn, Matthew W. and Nuzhdin, Sergey V.},
doi = {10.1371/journal.pbio.0030285},
issn = {15449173},
journal = {PLoS Biology},
number = {9},
pages = {1572--1578},
title = {{Genomic islands of speciation in Anopheles gambiae}},
volume = {3},
year = {2005}
}

@article{Weetman2015,
author = {Weetman, David and Mitchell, Sara N. and Wilding, Craig S. and Birks, Daniel P. and Yawson, Alexander E. and Essandoh, John and Mawejje, Henry D. and Djogbenou, Luc S. and Steen, Keith and Rippon, Emily J. and Clarkson, Christopher S. and Field, Stuart G. and Rigden, Daniel J. and Donnelly, Martin J.},
doi = {10.1111/mec.13197},
issn = {1365294X},
journal = {Molecular Ecology},
keywords = {Ace-1 G119S,Acetylcholinesterase,gene duplication,malaria mosquito,purifying selection},
number = {11},
pages = {2656--2672},
title = {{Contemporary evolution of resistance at the major insecticide target site gene Ace-1 by mutation and copy number variation in the malaria mosquito Anopheles gambiae}},
volume = {24},
year = {2015}
}

@article{Williamson1996a,
author = {Williamson, Martin S. and Martinez-Torres, David and Hick, Caroline A. and Devonshire, Alan L.},
doi = {10.1007/s004389670006},
issn = {00268925},
journal = {Molecular and General Genetics},
keywords = {Knockdown resistance (kdr),Musca domestica,Pyrethroid,Sodium channel gene,para},
number = {1-2},
pages = {51--60},
title = {{Identification of mutations in the housefly para-type sodium channel gene associated with knockdown resistance (kdr) to pyrethroid insecticides}},
volume = {252},
year = {1996}
}

@article{Toe2014,
author = {To{\'{e}}, Kobi{\'{e}} H. and Jones, Christopher M. and N'fale, Sagnon and Ismai, Hanafy M. and Dabir{\'{e}}, Roch K. and Ranson, Hilary},
doi = {10.3201/eid2010.140619},
issn = {10806059},
journal = {Emerging Infectious Diseases},
number = {10},
pages = {1691--1696},
title = {{Increased pyrethroid resistance in malaria vectors and decreased bed net effectiveness Burkina Faso}},
volume = {20},
year = {2014}
}

@article{Reimer2005,
author = {Reimer, L. J. and Tripet, F. and Slotman, M. and Spielman, A. and Fondjo, E. and Lanzaro, G. C.},
doi = {10.1111/j.1365-2583.2005.00599.x},
issn = {09621075},
journal = {Insect Molecular Biology},
keywords = {Anopheles gambiae,Bioko,Molecular forms,kdr},
number = {6},
pages = {683--688},
title = {{An unusual distribution of the kdr gene among populations of Anopheles gambiae on the island of Bioko, Equatorial Guinea}},
volume = {14},
year = {2005}
}

@article{Ranson2000,
author = {Ranson, H. and Jensen, B. and Vulule, J. M. and Wang, X. and Hemingway, J. and Collins, F. H.},
doi = {10.1046/j.1365-2583.2000.00209.x},
issn = {09621075},
journal = {Insect Molecular Biology},
keywords = {Anopheles gambiae,DDT resistance,Kdr,Pyrethroid resistance,Sodium channel},
number = {5},
pages = {491--497},
title = {{Identification of a point mutation in the voltage-gated sodium channel gene of Kenyan Anopheles gambiae associated with resistance to DDT and pyrethroids}},
volume = {9},
year = {2000}
}

@article{Rinkevich2013,
archivePrefix = {arXiv},
author = {Rinkevich, Frank D. and Du, Yuzhe and Dong, Ke},
doi = {10.1016/j.pestbp.2013.02.007},
eprint = {NIHMS150003},
issn = {00483575},
journal = {Pesticide Biochemistry and Physiology},
keywords = {Knockdown resistance,Pyrethroid resistance,Sodium channel,Sodium channel mutations},
number = {3},
pages = {93--100},
title = {{Diversity and convergence of sodium channel mutations involved in resistance to pyrethroids}},
volume = {106},
year = {2013}
}

@article{Pinto2007,
author = {Pinto, J and Lynd, A and Vicente, J L and Santolamazza, F and Randle, N P and Gentile, G and Moreno, M and Simard, F and Charlwood, J D and do Rosario, V E and Caccone, A and {Della Torre}, A and Donnelly, M J},
doi = {10.1371/journal.pone.0001243},
issn = {19326203},
journal = {PLoS One},
keywords = {*Mutation,Animals,Anopheles gambiae/drug effects/*genetics,Base Sequence,DNA Primers,Drug Resistance/genetics,Female},
pages = {e1243},
title = {{Multiple origins of knockdown resistance mutations in the Afrotropical mosquito vector Anopheles gambiae}},
url = {http://www.ncbi.nlm.nih.gov/pubmed/18043750},
volume = {2},
year = {2007}
}

@article{NGuessan2007,
author = {{N'Guessan R, Corbel V, Akogb{\'{e}}to M, Rowland M.}},
doi = {10.3201/eid1302.060631},
issn = {10806040},
journal = {Emerging Infectious Diseases},
pages = {199--206},
title = {{Reduced efficacy of insecticide-treated nets and indoor residual spraying for Malaria control in area of pyrethroid resistance, Benin.}},
volume = {13},
year = {2007}
}

@article{OReilly2006,
author = {O'Reilly, Andrias O. and Khambay, Bhupinder P. S. and Williamson, Martin S. and Field, Linda M. and Wallace, B. A. and Davies, T. G. Emyr},
doi = {10.1042/BJ20051925},
issn = {0264-6021},
journal = {Biochemical Journal},
number = {2},
pages = {255--263},
title = {{Modelling insecticide-binding sites in the voltage-gated sodium channel}},
url = {http://biochemj.org/lookup/doi/10.1042/BJ20051925},
volume = {396},
year = {2006}
}

@article{Lehmann1998,
author = {Lehmann, T and Hawley, W A and Grebert, H and Collins, F H},
doi = {10.1093/oxfordjournals.molbev.a025923},
issn = {0737-4038},
journal = {Molecular biology and evolution},
number = {3},
pages = {264--76},
title = {{The effective population size of Anopheles gambiae in Kenya: implications for population structure.}},
url = {http://www.ncbi.nlm.nih.gov/pubmed/9501493},
volume = {15},
year = {1998}
}

@article{Holt2002,
author = {Holt, R A and Subramanian, G M and Halpern, A and Sutton, G G and Charlab, R and Nusskern, D R and Wincker, P and Clark, A G and Ribeiro, J M and Wides, R and Salzberg, S L and Loftus, B and Yandell, M and Majoros, W H and Rusch, D B and Lai, Z and Kraft, C L and Abril, J F and Anthouard, V and Arensburger, P and Atkinson, P W and Baden, H and de Berardinis, V and Baldwin, D and Benes, V and Biedler, J and Blass, C and Bolanos, R and Boscus, D and Barnstead, M and Cai, S and Center, A and Chaturverdi, K and Christophides, G K and Chrystal, M A and Clamp, M and Cravchik, A and Curwen, V and Dana, A and Delcher, A and Dew, I and Evans, C A and Flanigan, M and Grundschober-Freimoser, A and Friedli, L and Gu, Z and Guan, P and Guigo, R and Hillenmeyer, M E and Hladun, S L and Hogan, J R and Hong, Y S and Hoover, J and Jaillon, O and Ke, Z and Kodira, C and Kokoza, E and Koutsos, A and Letunic, I and Levitsky, A and Liang, Y and Lin, J J and Lobo, N F and Lopez, J R and Malek, J A and McIntosh, T C and Meister, S and Miller, J and Mobarry, C and Mongin, E and Murphy, S D and O'Brochta, D A and Pfannkoch, C and Qi, R and Regier, M A and Remington, K and Shao, H and Sharakhova, M V and Sitter, C D and Shetty, J and Smith, T J and Strong, R and Sun, J and Thomasova, D and Ton, L Q and Topalis, P and Tu, Z and Unger, M F and Walenz, B and Wang, A and Wang, J and Wang, M and Wang, X and Woodford, K J and Wortman, J R and Wu, M and Yao, A and Zdobnov, E M and Zhang, H and Zhao, Q and Zhao, S and Zhu, S C and Zhimulev, I and Coluzzi, M and della Torre, A and Roth, C W and Louis, C and Kalush, F and Mural, R J and Myers, E W and Adams, M D and Smith, H O and Broder, S and Gardner, M J and Fraser, C M and Birney, E and Bork, P and Brey, P T and Venter, J C and Weissenbach, J and Kafatos, F C and Collins, F H and Hoffman, S L},
doi = {10.1126/science.1076181},
issn = {0036-8075},
journal = {Science},
keywords = {*Genes, Insect,*Genome,*Sequence Analysis, DNA,Animals,Anopheles/classification/*genetics/parasitology/ph,Biological Evolution,Blood,Chromosome Inversion,Chromosomes, Artificial, Bacterial,Computational Biology,DNA Transposable Elements,Digestion,Drosophila melanogaster/genetics,Enzymes/chemistry/genetics/metabolism,Expressed Sequence Tags,Feeding Behavior,Gene Expression Regulation,Genetic Variation,Haplotypes,Humans,Insect Proteins/chemistry/genetics/physiology,Insect Vectors/genetics/parasitology/physiology,Malaria, Falciparum/transmission,Molecular Sequence Data,Mosquito Control,Physical Chromosome Mapping,Plasmodium falciparum/growth {\&} development,Polymorphism, Single Nucleotide,Proteome,Species Specificity,Transcription Factors/chemistry/genetics/physiolog},
number = {5591},
pages = {129--149},
title = {{The genome sequence of the malaria mosquito Anopheles gambiae}},
url = {http://www.ncbi.nlm.nih.gov/pubmed/12364791{\%}5Cnhttp://www.sciencemag.org/content/298/5591/129.full.pdf},
volume = {298},
year = {2002}
}

@article{Etang2009,
author = {Etang, Josiane and Vicente, Jose L. and Nwane, Philippe and Chouaibou, Mouhamadou and Morlais, Isabelle and {Do Rosario}, Virgilio E. and Simard, Frederic and Awono-Ambene, Parfait and Toto, Jen Claude and Pinto, Joao},
doi = {10.1111/j.1365-294X.2009.04256.x},
issn = {09621083},
journal = {Molecular Ecology},
keywords = {Anopheles gambiae,Cameroon,Insecticide resistance,intron-1,malaria,mutations},
number = {14},
pages = {3076--3086},
title = {{Polymorphism of intron-1 in the voltage-gated sodium channel gene of Anopheles gambiae s.s. populations from cameroon with emphasis on insecticide knockdown resistance mutations}},
volume = {18},
year = {2009}
}

@article{Kumar2016,
author = {Kumar, Sudhir and Stecher, Glen and Tamura, Koichiro},
doi = {10.1093/molbev/msw054},
issn = {15371719},
journal = {Molecular biology and evolution},
keywords = {evolution.,gene families,software,timetree},
number = {7},
pages = {1870--1874},
title = {{MEGA7: Molecular Evolutionary Genetics Analysis Version 7.0 for Bigger Datasets}},
volume = {33},
year = {2016}
}

@article{Menelaou2013,
author = {Menelaou, Androniki and Marchini, Jonathan},
doi = {10.1093/bioinformatics/bts632},
issn = {13674803},
journal = {Bioinformatics},
number = {1},
pages = {84--91},
title = {{Genotype calling and phasing using next-generation sequencing reads and a haplotype scaffold}},
volume = {29},
year = {2013}
}

@article{Lee2013,
author = {Lee, Yoosook and Marsden, Clare D and Norris, Laura C and Collier, Travis C and Main, Bradley J and Fofana, Abdrahamane and Cornel, Anthony J and Lanzaro, Gregory C},
doi = {10.1073/pnas.1316851110},
issn = {1091-6490},
journal = {Proceedings of the National Academy of Sciences of the United States of America},
keywords = {Africa, Western,Animals,Anopheles gambiae,Anopheles gambiae: genetics,Anopheles gambiae: physiology,Gene Flow,Gene Flow: genetics,Genetic Fitness,Genetic Fitness: genetics,Genetics, Population,Genotype,Hybridization, Genetic,Hybridization, Genetic: genetics,Likelihood Functions,Polymorphism, Single Nucleotide,Polymorphism, Single Nucleotide: genetics,Species Specificity,Time Factors},
number = {49},
pages = {19854--9},
title = {{Spatiotemporal dynamics of gene flow and hybrid fitness between the M and S forms of the malaria mosquito, Anopheles gambiae.}},
url = {http://www.pnas.org/content/110/49/19854.short},
volume = {110},
year = {2013}
}

@article{Lynd2010,
author = {Lynd, Amy and Weetman, David and Barbosa, Susana and {Egyir Yawson}, Alexander and Mitchell, Sara and Pinto, Joao and Hastings, Ian and Donnelly, Martin J.},
doi = {10.1093/molbev/msq002},
issn = {07374038},
journal = {Molecular Biology and Evolution},
keywords = {Anopheles gambiae,Insecticide resistance,Malaria,Selection},
number = {5},
pages = {1117--1125},
title = {{Field, genetic, and modeling approaches show strong positive selection acting upon an insecticide resistance mutation in anopheles gambiae s.s.}},
volume = {27},
year = {2010}
}

@article{Loughney1989,
author = {Loughney, K and Kreber, R and Ganetzky, B},
doi = {0092-8674(89)90512-6 [pii]},
issn = {0092-8674},
journal = {Cell},
number = {6},
pages = {1143--1154},
title = {{Molecular analysis of the para locus, a sodium channel gene in Drosophila.}},
volume = {58},
year = {1989}
}

@article{Hemingway2016,
author = {Hemingway, Janet and Ranson, Hilary and Magill, Alan and Kolaczinski, Jan and Fornadel, Christen and Gimnig, John and Coetzee, Maureen and Simard, Frederic and Roch, Dabir{\'{e}} K. and Hinzoumbe, Cl{\'{e}}ment Kerah and Pickett, John and Schellenberg, David and Gething, Peter and Hopp{\'{e}}, Mark and Hamon, Nicholas},
doi = {10.1016/S0140-6736(15)00417-1},
issn = {1474547X},
journal = {The Lancet},
number = {10029},
pages = {1785--1788},
title = {{Averting a malaria disaster: Will insecticide resistance derail malaria control?}},
volume = {387},
year = {2016}
}

@article{Jones2012,
author = {Jones, Christopher M and Liyanapathirana, Milindu and Agossa, Fiacre R and Weetman, David and Ranson, Hilary and Donnelly, Martin James and Wilding, Craig S},
doi = {10.1073/pnas.1201475109},
issn = {1091-6490},
journal = {Proceedings of the National Academy of Sciences of the United States of America},
keywords = {Animals,Anopheles gambiae,Anopheles gambiae: genetics,Genetic,Haplotypes,Homozygote,Insecticide Resistance,Ion Channel Gating,Mutation,Selection,Sodium Channels,Sodium Channels: physiology},
number = {17},
pages = {6614--9},
title = {{Footprints of positive selection associated with a mutation (N1575Y) in the voltage-gated sodium channel of Anopheles gambiae.}},
url = {http://www.pnas.org/content/109/17/6614.short},
volume = {109},
year = {2012}
}

@article{Giraldo-Calderon2015,
author = {Giraldo-Calderon, Gloria I. and Emrich, Scott J. and MacCallum, Robert M. and Maslen, Gareth and Emrich, Scott and Collins, Frank and Dialynas, Emmanuel and Topalis, Pantelis and Ho, Nicholas and Gesing, Sandra and Madey, Gregory and Collins, Frank H. and Lawson, Daniel and Kersey, Paul and Allen, James and Christensen, Mikkel and Hughes, Daniel and Koscielny, Gautier and Langridge, Nick and Gallego, Ernesto Lowy and Megy, Karine and Wilson, Derek and Gelbart, Bill and Emmert, Dave and Russo, Susan and Zhou, Pinglei and Christophides, George and Brockman, Andrew and Kirmitzoglou, Ioannis and MacCallum, Bob and Tiirikka, Timo and Louis, Kitsos and Dritsou, Vicky and Mitraka, Elvira and Werner-Washburn, Maggie and Baker, Phil and Platero, Harriet and Aguilar, Antelmo and Bogol, Steve and Campbell, Dave and Carmichael, Rory and Cieslak, David and Davis, Greg and Konopinski, Nathan and Nabrzyski, Jarek and Reinking, Caleb and Sheehan, Andrew and Szakonyi, Scott and Wieck, Robert},
doi = {10.1093/nar/gku1117},
issn = {13624962},
journal = {Nucleic Acids Research},
number = {D1},
pages = {D707--D713},
title = {{VectorBase: An updated Bioinformatics Resource for invertebrate vectors and other organisms related with human diseases}},
volume = {43},
year = {2015}
}

@article{Mathieson2014,
archivePrefix = {arXiv},
author = {Mathieson, Iain and McVean, Gil},
doi = {10.1371/journal.pgen.1004528},
eprint = {1401.4181},
issn = {15537404},
journal = {PLoS Genetics},
number = {8},
title = {{Demography and the Age of Rare Variants}},
volume = {10},
year = {2014}
}

@article{Foster2003,
author = {Foster, S P and Young, S and Williamson, M S and Duce, I and Denholm, I and Devine, G J},
doi = {10.1038/sj.hdy.6800285},
issn = {0018067X},
journal = {Heredity},
keywords = {behaviour,gene amplification,insecticide resistance,pleiotropy,point mutation},
number = {2},
pages = {98--106},
title = {{Analogous pleiotropic effects of insecticide resistance genotypes in peach-potato aphids and houseflies.}},
volume = {91},
year = {2003}
}

@article{Martinez-Torres1998,
author = {Martinez-Torres, D. and Chandre, F. and Williamson, M. S. and Darriet, F. and Berg{\'{e}}, J. B. and Devonshire, A. L. and Guillet, P. and Pasteur, N. and Pauron, D.},
doi = {10.1046/j.1365-2583.1998.72062.x},
issn = {09621075},
journal = {Insect Molecular Biology},
keywords = {Diagnostic,Mosquito,Pyrethroid,Resistance},
number = {2},
pages = {179--184},
title = {{Molecular characterization of pyrethroid knockdown resistance (kdr) in the major malaria vector Anopheles gambiae s.s.}},
volume = {7},
year = {1998}
}

@article{Messer2013,
author = {Messer, Philipp W. and Petrov, Dmitri A.},
doi = {10.1016/j.tree.2013.08.003},
issn = {01695347},
journal = {Trends in Ecology and Evolution},
number = {11},
pages = {659--669},
title = {{Population genomics of rapid adaptation by soft selective sweeps}},
volume = {28},
year = {2013}
}

@misc{Miles2016,
author = {Miles, Alistair and Harding, Nicholas},
doi = {10.5281/zenodo.59266},
title = {{scikit-allel: A Python package for exploring and analysing genetic variation data}},
url = {https://github.com/cggh/scikit-allel},
year = {2016}
}

@article{Dong2014,
author = {Dong, Ke and Du, Yuzhe and Rinkevich, Frank and Nomura, Yoshiko and Xu, Peng and Wang, Lingxin and Silver, Kristopher and Zhorov, Boris S.},
journal = {Insect Biochemistry and Molecular Biology},
doi = {10.1016/j.ibmb.2014.03.012},
issn = {09651748},
keywords = {Alternative splicing,Knockdown resistance,Pyrethroid receptor sites,Pyrethroids,RNA editing,Sodium channel},
number = {1},
pages = {1--17},
title = {{Molecular biology of insect sodium channels and pyrethroid resistance}},
volume = {50},
year = {2014}
}

@article{Delaneau2013,
author = {Delaneau, Olivier and Howie, Bryan and Cox, Anthony J. and Zagury, Jean Fran{\c{c}}ois and Marchini, Jonathan},
doi = {10.1016/j.ajhg.2013.09.002},
issn = {00029297},
journal = {American Journal of Human Genetics},
number = {4},
pages = {687--696},
title = {{Haplotype estimation using sequencing reads}},
volume = {93},
year = {2013}
}

@article{Bhatt2015,
archivePrefix = {arXiv},
author = {Bhatt, S. and Weiss, D. J. and Cameron, E. and Bisanzio, D. and Mappin, B. and Dalrymple, U. and Battle, K. E. and Moyes, C. L. and Henry, A. and Eckhoff, P. A. and Wenger, E. A. and Bri{\"{e}}t, O. and Penny, M. A. and Smith, T. A. and Bennett, A. and Yukich, J. and Eisele, T. P. and Griffin, J. T. and Fergus, C. A. and Lynch, M. and Lindgren, F. and Cohen, J. M. and Murray, C. L. J. and Smith, D. L. and Hay, S. I. and Cibulskis, R. E. and Gething, P. W.},
doi = {10.1038/nature15535},
eprint = {arXiv:1011.1669v3},
issn = {0028-0836},
journal = {Nature},
number = {7572},
pages = {207--211},
title = {{The effect of malaria control on Plasmodium falciparum in Africa between 2000 and 2015}},
url = {http://www.nature.com/doifinder/10.1038/nature15535},
volume = {526},
year = {2015}
}

@article{bass2007,
author = {Bass, Chris and Nikou, Dimitra and Donnelly, Martin J and Williamson, Martin S and Ranson, Hilary and Ball, Amanda and Vontas, John and Field, Linda M},
doi = {10.1186/1475-2875-6-111},
issn = {1475-2875},
journal = {Malaria Journal},
keywords = {Animals,Anopheles gambiae,Anopheles gambiae: drug effects,Anopheles gambiae: genetics,Fluorescence,Insect Proteins,Insect Proteins: genetics,Insect Vectors,Insect Vectors: drug effects,Insect Vectors: genetics,Insecticide Resistance,Point Mutation,Polymerase Chain Reaction,Polymerase Chain Reaction: economics,Polymerase Chain Reaction: methods,Pyrethrins,Pyrethrins: pharmacology,Sodium Channels,Sodium Channels: genetics,Transition Temperature},
pages = {111},
title = {{Detection of knockdown resistance ({\textless}i{\textgreater}kdr{\textless}/i{\textgreater}) mutations in {\textless}i{\textgreater}Anopheles gambiae{\textless}/i{\textgreater}: a comparison of two new high-throughput assays with existing methods.}},
url = {http://www.pubmedcentral.nih.gov/articlerender.fcgi?artid=1971715{\&}tool=pmcentrez{\&}rendertype=abstract},
volume = {6},
year = {2007}
}

@article{Cingolani2012,
author = {Cingolani, Pablo and Platts, Adrian and Wang, Le Lily and Coon, Melissa and Nguyen, Tung and Wang, Luan and Land, Susan J. and Lu, Xiangyi and Ruden, Douglas M.},
doi = {10.4161/fly.19695},
issn = {19336942},
journal = {Fly},
keywords = {Drosophila melanogaster,Next generation DNA sequencing,Personal genomes,Whole-genome SNP analysis},
number = {2},
pages = {80--92},
title = {{A program for annotating and predicting the effects of single nucleotide polymorphisms, SnpEff: SNPs in the genome of Drosophila melanogaster strain w1118; iso-2; iso-3}},
volume = {6},
year = {2012}
}

@article{Clarkson2014,
author = {Clarkson, Chris S. and Weetman, David and Essandoh, John and Yawson, Alexander E. and Maslen, Gareth and Manske, Magnus and Field, Stuart G. and Webster, Mark and Ant{\~{a}}o, Tiago and MacInnis, Bronwyn and Kwiatkowski, Dominic and Donnelly, Martin J.},
doi = {10.1038/ncomms5248},
issn = {2041-1723},
journal = {Nature Communications},
title = {{Adaptive introgression between Anopheles sibling species eliminates a major genomic island but not reproductive isolation}},
url = {http://www.nature.com/doifinder/10.1038/ncomms5248},
volume = {5},
year = {2014}
}

@article{Dao2014,
author = {Dao, A. and Yaro, A. S. and Diallo, M. and Timbin{\'{e}}, S. and Huestis, D. L. and Kassogu{\'{e}}, Y. and Traor{\'{e}}, A. I. and Sanogo, Z. L. and Samak{\'{e}}, D. and Lehmann, T.},
doi = {10.1038/nature13987},
issn = {0028-0836},
journal = {Nature},
number = {7531},
pages = {387--390},
title = {{Signatures of aestivation and migration in Sahelian malaria mosquito populations}},
url = {http://www.nature.com/doifinder/10.1038/nature13987},
volume = {516},
year = {2014}
}

@article{Bandelt1999,
author = {Bandelt, H. J. and Forster, P. and Rohl, A.},
doi = {10.1093/oxfordjournals.molbev.a026036},
issn = {0737-4038},
journal = {Molecular Biology and Evolution},
number = {1},
pages = {37--48},
title = {{Median-joining networks for inferring intraspecific phylogenies}},
url = {https://academic.oup.com/mbe/article-lookup/doi/10.1093/oxfordjournals.molbev.a026036},
volume = {16},
year = {1999}
}

@article{Davies2007a,
author = {Davies, T. G.E. and Field, L. M. and Usherwood, P. N.R. and Williamson, M. S.},
doi = {10.1111/j.1365-2583.2007.00733.x},
issn = {09621075},
journal = {Insect Molecular Biology},
keywords = {Knock-down resistance (kdr),Malaria,Mosquito,Pyrethroids,Voltage-gated sodium channel},
number = {3},
pages = {361--375},
title = {{A comparative study of voltage-gated sodium channels in the Insecta: Implications for pyrethroid resistance in Anopheline and other Neopteran species}},
volume = {16},
year = {2007}
}

@article{The1000GenomesProjectConsortium2010,
archivePrefix = {arXiv},
author = {{The 1000 Genomes Project Consortium}},
doi = {10.1038/nature09534},
eprint = {1302.2710v1},
issn = {1476-4687},
journal = {Nature},
keywords = {Calibration,Chromosomes,Computational Biology,DNA,DNA Mutational Analysis,DNA: methods,Evolution,Female,Genetic,Genetic Association Studies,Genetic Variation,Genetic Variation: genetics,Genetic: genetics,Genetics,Genome,Genome-Wide Association Study,Genomics,Genomics: methods,Genotype,Haplotypes,Haplotypes: genetics,Human,Human: genetics,Humans,Male,Mitochondrial,Mitochondrial: genetics,Molecular,Mutation,Mutation: genetics,Pilot Projects,Polymorphism,Population,Population: methods,Recombination,Sample Size,Selection,Sequence Alignment,Sequence Analysis,Single Nucleotide,Single Nucleotide: genetics,Y,Y: genetics},
number = {7319},
pages = {1061--73},
title = {{A map of human genome variation from population-scale sequencing.}},
url = {http://www.nature.com/nature/journal/v467/n7319/pdf/nature09534.pdf{\%}5Cnhttp://www.pubmedcentral.nih.gov/articlerender.fcgi?artid=3042601{\&}tool=pmcentrez{\&}rendertype=abstract},
volume = {467},
year = {2010}
}

@article{Davies2007b,
author = {Davies, T. G. E. and Field, L. M. and Usherwood, P. N. R. and Williamson, M. S.},
doi = {10.1080/15216540701352042},
issn = {1521-6543},
journal = {IUBMB Life},
number = {3},
pages = {151--162},
title = {{DDT, pyrethrins, pyrethroids and insect sodium channels}},
url = {http://doi.wiley.com/10.1080/15216540701352042},
volume = {59},
year = {2007}
}

@article{Davies2007,
author = {Davies, T. G E and Field, L. M. and Usherwood, P. N R and Williamson, M. S.},
doi = {10.1111/j.1365-2583.2007.00733.x},
issn = {09621075},
journal = {Insect Molecular Biology},
keywords = {Knock-down resistance (kdr),Malaria,Mosquito,Pyrethroids,Voltage-gated sodium channel},
title = {{A comparative study of voltage-gated sodium channels in the Insecta: Implications for pyrethroid resistance in Anopheline and other Neopteran species}},
year = {2007}
}

@article{Williamson1996,
author = {Williamson, Martin S. and Martinez-Torres, David and Hick, Caroline A. and Devonshire, Alan L.},
doi = {10.1007/s004389670006},
issn = {00268925},
journal = {Molecular and General Genetics},
number = {1-2},
pages = {51--60},
title = {{Identification of mutations in the housefly para-type sodium channel gene associated with knockdown resistance (kdr) to pyrethroid insecticides}},
volume = {252},
year = {1996}
}

@article{Kilianski2015,
author = {Kilianski, Andy and Haas, Jamie L and Corriveau, Elizabeth J and Liem, Alvin T and Willis, Kristen L and Kadavy, Dana R and Rosenzweig, C Nicole and Minot, Samuel S},
doi = {10.1186/s13742-015-0051-z},
issn = {2047-217X},
journal = {GigaScience},
pages = {12},
title = {{Bacterial and viral identification and differentiation by amplicon sequencing on the MinION nanopore sequencer.}},
url = {http://www.ncbi.nlm.nih.gov/pubmed/25815165 http://www.pubmedcentral.nih.gov/articlerender.fcgi?artid=PMC4374364},
volume = {4},
year = {2015}
}

@article{Jain2016,
author = {Jain, Miten and Olsen, Hugh E. and Paten, Benedict and Akeson, Mark},
doi = {10.1186/s13059-016-1103-0},
issn = {1474-760X},
journal = {Genome Biology},
number = {1},
pages = {239},
title = {{The Oxford Nanopore MinION: delivery of nanopore sequencing to the genomics community}},
url = {http://www.ncbi.nlm.nih.gov/pubmed/27887629 http://www.pubmedcentral.nih.gov/articlerender.fcgi?artid=PMC5124260 http://genomebiology.biomedcentral.com/articles/10.1186/s13059-016-1103-0},
volume = {17},
year = {2016}
}

@article{Norris2015,
author = {Norris, Laura C. and Main, Bradley J. and Lee, Yoosook and Collier, Travis C. and Fofana, Abdrahamane and Cornel, Anthony J. and Lanzaro, Gregory C.},
doi = {10.1073/pnas.1418892112},
issn = {0027-8424},
journal = {Proceedings of the National Academy of Sciences},
pages = {201418892},
title = {{Adaptive introgression in an African malaria mosquito coincident with the increased usage of insecticide-treated bed nets}},
url = {http://www.pnas.org/content/early/2015/01/02/1418892112},
year = {2015}
}

@article{Murray2015,
author = {Murray, D{\'{a}}ith{\'{i}} C and Coghlan, Megan L and Bunce, Michael},
doi = {10.1371/journal.pone.0124671},
issn = {1932-6203},
journal = {PloS one},
number = {4},
pages = {e0124671},
title = {{From benchtop to desktop: important considerations when designing amplicon sequencing workflows.}},
url = {http://www.ncbi.nlm.nih.gov/pubmed/25902146 http://www.pubmedcentral.nih.gov/articlerender.fcgi?artid=PMC4406758},
volume = {10},
year = {2015}
}

@article{Bybee2011,
author = {Bybee, Seth M and Bracken-Grissom, Heather and Haynes, Benjamin D and Hermansen, Russell A and Byers, Robert L and Clement, Mark J and Udall, Joshua A and Wilcox, Edward R and Crandall, Keith A},
doi = {10.1093/gbe/evr106},
issn = {1759-6653},
journal = {Genome biology and evolution},
pages = {1312--23},
title = {{Targeted amplicon sequencing (TAS): a scalable next-gen approach to multilocus, multitaxa phylogenetics.}},
url = {http://www.ncbi.nlm.nih.gov/pubmed/22002916 http://www.pubmedcentral.nih.gov/articlerender.fcgi?artid=PMC3236605},
volume = {3},
year = {2011}
}

@book{Breiman1984,
author = {Breiman, L and Friedman, J H and Olshen, R A and Stone, C J},
isbn = {0412048418},
pages = {368},
title = {{Classification and Regression Trees}},
volume = {19},
year = {1984}
}

@article{Quinlan1986,
author = {Quinlan, J. R.},
doi = {10.1007/BF00116251},
issn = {0885-6125},
journal = {Machine Learning},
number = {1},
pages = {81--106},
title = {{Induction of decision trees}},
url = {http://link.springer.com/10.1007/BF00116251},
volume = {1},
year = {1986}
}

@article{Yoon2008,
author = {Yoon, Kyong Sup and Kwon, Deok Ho and Strycharz, Joseph P and Hollingsworth, Craig S and Lee, Si Hyeock and Clark, John Marshall},
doi = {10.1603/0022-2585(2008)45[1092:BAMAOD]2.0.CO;2},
issn = {0022-2585},
journal = {Journal of Medical Entomology},
keywords = {bed bug,deltamethrin resistance,kdr,knockdown resistance,voltage-sensitive},
number = {6},
pages = {1092--1101},
title = {{Biochemical and molecular analysis of deltamethrin resistance in the common bed bug (Hemiptera: Cimicidae)}},
volume = {45},
year = {2008}
}

@article{Smith1997,
author = {Smith, M R and Goldin, a L},
doi = {10.1016/S0006-3495(97)78219-5},
issn = {0006-3495},
journal = {Biophysical journal},
number = {4},
pages = {1885--1895},
title = {{Interaction between the sodium channel inactivation linker and domain III S4-S5.}},
url = {http://dx.doi.org/10.1016/S0006-3495(97)78219-5},
volume = {73},
year = {1997}
}

@article{SiHyeockLee2001,
author = {{Si Hyeock Lee} and Soderlund, D. M.},
doi = {10.1016/S0965-1748(00)00089-8},
issn = {09651748},
journal = {Insect Biochemistry and Molecular Biology},
keywords = {Batrachotoxin,Insecticide,Musca domestica,Pyrethroid,Resistance,Voltage-sensitive sodium channel},
number = {1},
pages = {19--29},
title = {{The V410M mutation associated with pyrethroid resistance in Heliothis virescens reduces the pyrethroid sensitivity of house fly sodium channels expressed in Xenopus oocytes}},
volume = {31},
year = {2001}
}

@article{Park1997,
author = {Park, Y and Taylor, M F and Feyereisen, R},
doi = {S0006-291X(97)97511-2 [pii]\n10.1006/bbrc.1997.7511},
issn = {0006-291X},
journal = {Biochem Biophys Res Commun},
keywords = {*Mutation,*Pyrethrins,Amino Acid,Amino Acid Sequence,Animals,Base Sequence,DNA Transposable Elements/*genetics,Haplotypes,Insecticide Resistance,Ion Channel Gating/genetics,Linkage (Genetics),Methionine/*genetics,Molecular Sequence Data,Moths/drug effects/*genetics,Polymorphism,Restriction Fragment Length,Sequence Homology,Sodium Channels/chemistry/*genetics,Valine/*genetics},
number = {3},
pages = {688--691},
title = {{A valine421 to methionine mutation in IS6 of the hscp voltage-gated sodium channel associated with pyrethroid resistance in Heliothis virescens F}},
url = {http://www.ncbi.nlm.nih.gov/entrez/query.fcgi?cmd=Retrieve{\&}db=PubMed{\&}dopt=Citation{\&}list{\_}uids=9367829},
volume = {239},
year = {1997}
}

@article{Hopkins2010,
author = {Hopkins, B. W. and Pietrantonio, P. V.},
doi = {10.1016/j.ibmb.2010.03.004},
issn = {09651748},
journal = {Insect Biochemistry and Molecular Biology},
number = {5},
pages = {385--393},
title = {{The Helicoverpa zea (Boddie) (Lepidoptera: Noctuidae) voltage-gated sodium channel and mutations associated with pyrethroid resistance in field-collected adult males}},
volume = {40},
year = {2010}
}

@article{Burton2011,
  title={Differential resistance of insect sodium channels with kdr mutations to deltamethrin, permethrin and DDT},
  author={Burton, M J and Mellor, I R and Duce, I R and Davies, T G E and Field, L M and Williamson, M S},
  journal={Insect Biochemistry and Molecular Biology},
  volume={41},
  number={9},
  pages={723--732},
  year={2011},
}

@article{Wang2015,
  title={A mutation in the intracellular loop III/IV of mosquito sodium channel synergizes the effect of mutations in helix IIS6 on pyrethroid resistance},
  author={Wang, L and Nomura, Y and Du, Y and Liu, N and Zhorov, B S and Dong, K},
  journal={Molecular Pharmacology},
  volume={87},
  number={3},
  pages={421--429},
  year={2015},
}

@article{Chandre2000,
  title={Modifications of pyrethroid effects associated with kdr mutation in Anopheles gambiae},
  author={Chandre, F and Darriet, F and Duchon, S and Finot, L and Manguin, S and Carnevale, P and Guillet, P},
  journal={Medical and Veterinary Entomology},
  volume={14},
  number={1},
  pages={81--88},
  year={2000},
}

@article{Haddi2017,
  title={Detection of a new pyrethroid resistance mutation (V410L) in the sodium channel of Aedes aegypti: a potential challenge for mosquito control},
  author={Haddi, Khalid and Tom{\'e}, Hudson VV and Du, Yuzhe and Valbon, Wilson R and Nomura, Yoshiko and Martins, Gustavo F and Dong, Ke and Oliveira, Eug{\^e}nio E},
  journal={Scientific Reports},
  volume={7},
  year={2017},
}

@book{Dunlap1981,
  title={DDT: scientists, citizens, and public policy},
  author={Dunlap, Thomas},
  year={1981},
  publisher={Princeton University Press}
}

@article{Turusov2002,
  title={Dichlorodiphenyltrichloroethane (DDT): ubiquity, persistence, and risks.},
  author={Turusov, Vladimir and Rakitsky, Valery and Tomatis, Lorenzo},
  journal={Environmental health perspectives},
  volume={110},
  number={2},
  pages={125},
  year={2002},
}

@article{Hu2011,
  title={A sodium channel mutation identified in Aedes aegypti selectively reduces cockroach sodium channel sensitivity to type I, but not type II pyrethroids},
  author={Hu, Zhaonong and Du, Yuzhe and Nomura, Yoshiko and Dong, Ke},
  journal={Insect biochemistry and molecular biology},
  volume={41},
  number={1},
  pages={9--13},
  year={2011},
}

@article{Du2013,
  title={Molecular evidence for dual pyrethroid-receptor sites on a mosquito sodium channel},
  author={Du, Yuzhe and Nomura, Yoshiko and Satar, Gul and Hu, Zhaonong and Nauen, Ralf and He, Sheng Yang and Zhorov, Boris S and Dong, Ke},
  journal={Proceedings of the National Academy of Sciences},
  volume={110},
  number={29},
  pages={11785--11790},
  year={2013},
  publisher={National Acad Sciences}
}

@article{Xu2016,
  title={Multi-country survey revealed prevalent and novel F1534S mutation in voltage-gated sodium channel (VGSC) gene in Aedes albopictus},
  author={Xu, Jiabao and Bonizzoni, Mariangela and Zhong, Daibin and Zhou, Guofa and Cai, Songwu and Li, Yiji and Wang, Xiaoming and Lo, Eugenia and Lee, Rebecca and Sheen, Roger and others},
  journal={PLoS neglected tropical diseases},
  volume={10},
  number={5},
  pages={e0004696},
  year={2016},
  publisher={Public Library of Science}
}

@article{Li2018,
  title={Evidence for multiple-insecticide resistance in urban Aedes albopictus populations in southern China},
  author={Li, Yiji and Xu, Jiabao and Zhong, Daibin and Zhang, Hong and Yang, Wenqiang and Zhou, Guofa and Su, Xinghua and Wu, Yang and Wu, Kun and Cai, Songwu and others},
  journal={Parasites \& vectors},
  volume={11},
  number={1},
  pages={4},
  year={2018},
  publisher={BioMed Central}
}

@article{Lewontin1964,
        title = {The Interaction of Selection and Linkage. I. General Considerations; Heterotic Models},
        volume = {49},
        issn = {0016-6731},
        url = {https://www.ncbi.nlm.nih.gov/pmc/articles/PMC1210557/},
        pages = {49--67},
        number = {1},
        journal = {Genetics},
        author = {Lewontin, R. C.},
        year = {1964},
}

@article{Pedregosa2011,
 title={Scikit-learn: Machine Learning in {P}ython},
 author={Pedregosa, F. and Varoquaux, G. and Gramfort, A. and Michel, V.
         and Thirion, B. and Grisel, O. and Blondel, M. and Prettenhofer, P.
         and Weiss, R. and Dubourg, V. and Vanderplas, J. and Passos, A. and
         Cournapeau, D. and Brucher, M. and Perrot, M. and Duchesnay, E.},
 journal={Journal of Machine Learning Research},
 volume={12},
 pages={2825--2830},
 year={2011}
}

@article{Abuelmaali2013,
  title={Impacts of agricultural practices on insecticide resistance in the malaria vector Anopheles arabiensis in Khartoum State, Sudan},
  author={Abuelmaali, Sara A and Elaagip, Arwa H and Basheer, Mohammed A and Frah, Ehab A and Ahmed, Fayez TA and Elhaj, Hassabelrasoul FA and Seidahmed, Osama ME and Weetman, David and Hamid, Muzamil Mahdi Abdel},
  journal={PLoS One},
  volume={8},
  number={11},
  pages={e80549},
  year={2013},
  publisher={Public Library of Science}
}

@article{Reid2016,
  title={The contribution of agricultural insecticide use to increasing insecticide resistance in African malaria vectors},
  author={Reid, Molly C and McKenzie, F Ellis},
  journal={Malaria Journal},
  volume={15},
  number={1},
  pages={107},
  year={2016},
  publisher={BioMed Central}
}

@article{Ranson2016,
  title={Insecticide resistance in African Anopheles mosquitoes: a worsening situation that needs urgent action to maintain malaria control},
  author={Ranson, Hilary and Lissenden, Natalie},
  journal={Trends in parasitology},
  volume={32},
  number={3},
  pages={187--196},
  year={2016},
  publisher={Elsevier}
}

@article{Ishak2015,
  title={Contrasting patterns of insecticide resistance and knockdown resistance (kdr) in the dengue vectors Aedes aegypti and Aedes albopictus from Malaysia},
  author={Ishak, Intan H and Jaal, Zairi and Ranson, Hilary and Wondji, Charles S},
  journal={Parasites \& vectors},
  volume={8},
  number={1},
  pages={181},
  year={2015},
  publisher={BioMed Central}
}

@article{White2007,
  title={Molecular karyotyping of the 2La inversion in \textit{Anopheles gambiae}},
  author={White, Bradley J and Santolamazza, Federica and Kamau, Luna and Pombi, Marco and Grushko, Olga and Mouline, Karine and Brengues, Cecile and Guelbeogo, Wamdaogo and Coulibaly, Mamadou and Kayondo, Jonathan K and others},
  journal={The American Journal of Tropical Medicine and Hygiene},
  volume={76},
  number={2},
  pages={334--339},
  year={2007},
  publisher={ASTMH}
}

@article{Sharp2007,
  title={Malaria vector control by indoor residual insecticide spraying on the tropical island of Bioko, Equatorial Guinea},
  author={Sharp, Brian L and Ridl, Frances C and Govender, Dayanandan and Kuklinski, Jaime and Kleinschmidt, Immo},
  journal={Malaria Journal},
  volume={6},
  number={1},
  pages={52},
  year={2007},
  publisher={BioMed Central}
}

@article{Overgaard2012,
  title={Malaria transmission after five years of vector control on Bioko Island, Equatorial Guinea},
  author={Overgaard, Hans J and Reddy, Vamsi P and Abaga, Simon and Matias, Abrahan and Reddy, Michael R and Kulkarni, Vani and Schwabe, Christopher and Segura, Luis and Kleinschmidt, Immo and Slotman, Michel A},
  journal={Parasites \& Vectors},
  volume={5},
  number={1},
  pages={253},
  year={2012},
  publisher={BioMed Central}
}

@article{Scott1993,
  title={Identification of single specimens of the \textit{Anopheles gambiae} complex by the polymerase chain reaction},
  author={Scott, Julie A and Brogdon, William G and Collins, Frank H},
  journal={The American Journal of Tropical Medicine and Hygiene},
  volume={49},
  number={4},
  pages={520--529},
  year={1993},
  publisher={ASTMH}
}

@article{Santolamazza2004,
  title={A new polymerase chain reaction-restriction fragment length polymorphism method to identify \textit{Anopheles arabiensis} from \textit{An. gambiae} and its two molecular forms from degraded DNA templates or museum samples},
  author={Santolamazza, Federica and della Torre, Alessandra and Caccone, Adalgisa},
  journal={The American Journal of Tropical Medicine and Hygiene},
  volume={70},
  number={6},
  pages={604--606},
  year={2004},
  publisher={ASTMH}
}

@article{Manske2009,
  title={LookSeq: a browser-based viewer for deep sequencing data},
  author={Manske, Heinrich Magnus and Kwiatkowski, Dominic P},
  journal={Genome Research},
  volume={19},
  number={11},
  pages={2125--2132},
  year={2009},
  publisher={Cold Spring Harbor Lab}
}

@article{Caputo2008,
  title={\textit{Anopheles gambiae} complex along The Gambia river, with particular reference to the molecular forms of An. gambiae ss},
  author={Caputo, Beniamino and Nwakanma, Davis and Jawara, Musa and Adiamoh, Majidah and Dia, Ibrahima and Konate, Lassana and Petrarca, Vincenzo and Conway, David J and della Torre, Alessandra},
  journal={Malaria Journal},
  volume={7},
  number={1},
  pages={182},
  year={2008},
  publisher={BioMed Central}
}

@article{Nwakanma2013,
  title={Breakdown in the process of incipient speciation in \textit{Anopheles gambiae}},
  author={Nwakanma, Davis C and Neafsey, Daniel E and Jawara, Musa and Adiamoh, Majidah and Lund, Emily and Rodrigues, Amabelia and Loua, Kovana M and Konate, Lassana and Sy, Ngayo and Dia, Ibrahima and others},
  journal={Genetics},
  pages={1221--1231},
  year={2013},
  publisher={Genetics Soc America}
}

@article{Gordicho2014,
  title={First report of an exophilic \textit{Anopheles arabiensis} population in Bissau City, Guinea-Bissau: recent introduction or sampling bias?},
  author={Gordicho, Vasco and Vicente, Jos{\'e} L and Sousa, Carla A and Caputo, Beniamino and Pombi, Marco and Dinis, Jo{\~a}o and Seixas, Gon{\c{c}}alo and Palsson, Katinka and Weetman, David and Rodrigues, Amab{\'e}lia and others},
  journal={Malaria Journal},
  volume={13},
  number={1},
  pages={423},
  year={2014},
  publisher={BioMed Central}
}

@article{Vicente2017,
  title={Massive introgression drives species radiation at the range limit of \textit{Anopheles gambiae}},
  author={Vicente, Jos{\'e} L and Clarkson, Christopher S and Caputo, Beniamino and Gomes, Bruno and Pombi, Marco and Sousa, Carla A and Antao, Tiago and Dinis, Jo{\~a}o and Bott{\`a}, Giordano and Mancini, Emiliano and others},
  journal={Scientific Reports},
  volume={7},
  pages={46451},
  year={2017},
  publisher={Nature Publishing Group}
}

@article{Donnelly1999,
  title={Population structure in the malaria vector, \textit{Anopheles arabiensis} Patton, in East Africa},
  author={Donnelly, MJ and Cuamba, N and Charlwood, JD and Collins, FH and Townson, H},
  journal={Heredity},
  volume={83},
  number={4},
  pages={408},
  year={1999},
  publisher={Nature Publishing Group}
}

@article{Coetzee2013,
  title={Anopheles coluzzii and Anopheles amharicus, new members of the Anopheles gambiae complex},
  author={Coetzee, Maureen and Hunt, Richard H and Wilkerson, Richard and Della Torre, Alessandra and Coulibaly, Mamadou B and Besansky, Nora J},
  journal={Zootaxa},
  volume={3619},
  number={3},
  pages={246--274},
  year={2013}
}


@article{Santolamazza2008,
  title={Insertion polymorphisms of SINE200 retrotransposons within speciation islands of \textit{Anopheles gambiae} molecular forms},
  author={Santolamazza, Federica and Mancini, Emiliano and Simard, Fr{\'e}d{\'e}ric and Qi, Yumin and Tu, Zhijian and della Torre, Alessandra},
  journal={Malaria Journal},
  volume={7},
  number={1},
  pages={163},
  year={2008},
  publisher={BioMed Central}
}

@article{coluzzi2002,
  title={A polytene chromosome analysis of the \textit{Anopheles gambiae} species complex},
  author={Coluzzi, Mario and Sabatini, Adriana and Della Torre, Alessandra and Di Deco, Maria Angela and Petrarca, Vincenzo},
  journal={Science},
  volume={298},
  number={5597},
  pages={1415--1418},
  year={2002},
  publisher={American Association for the Advancement of Science}
}

@article{sharakhova2007update,
  title={Update of the Anopheles gambiae PEST genome assembly},
  author={Sharakhova, Maria V and Hammond, Martin P and Lobo, Neil F and Krzywinski, Jaroslaw and Unger, Maria F and Hillenmeyer, Maureen E and Bruggner, Robert V and Birney, Ewan and Collins, Frank H},
  journal={Genome biology},
  volume={8},
  number={1},
  pages={R5},
  year={2007},
  publisher={BioMed Central}
}

@article{li2009,
  title={Fast and accurate short read alignment with Burrows--Wheeler transform},
  author={Li, Heng and Durbin, Richard},
  journal={bioinformatics},
  volume={25},
  number={14},
  pages={1754--1760},
  year={2009},
  publisher={Oxford University Press}
}

@article{van2013,
  title={From FastQ data to high-confidence variant calls: the genome analysis toolkit best practices pipeline},
  author={Van der Auwera, Geraldine A and Carneiro, Mauricio O and Hartl, Christopher and Poplin, Ryan and Del Angel, Guillermo and Levy-Moonshine, Ami and Jordan, Tadeusz and Shakir, Khalid and Roazen, David and Thibault, Joel and others},
  journal={Current protocols in bioinformatics},
  volume={43},
  number={1},
  pages={11--10},
  year={2013},
  publisher={Wiley Online Library}
}


@article{10002015,
  title={A global reference for human genetic variation},
  author={1000 Genomes Project Consortium and others},
  journal={Nature},
  volume={526},
  number={7571},
  pages={68},
  year={2015},
  publisher={Nature Publishing Group}
}


@article{altschul1990,
  title={Basic local alignment search tool},
  author={Altschul, Stephen F and Gish, Warren and Miller, Webb and Myers, Eugene W and Lipman, David J},
  journal={Journal of molecular biology},
  volume={215},
  number={3},
  pages={403--410},
  year={1990},
  publisher={Elsevier}
}


@misc{smit2015,
  title={RepeatMasker Open-4.0. 2013--2015},
  author={Smit, AFA and Hubley, R and Green, P},
  year={2015}
}

@article{benson1999,
  title={Tandem repeats finder: a program to analyze DNA sequences},
  author={Benson, Gary},
  journal={Nucleic acids research},
  volume={27},
  number={2},
  pages={573--580},
  year={1999},
  publisher={Oxford University Press}
}

@article{laurie2010,
  title={Quality control and quality assurance in genotypic data for genome-wide association studies},
  author={Laurie, Cathy C and Doheny, Kimberly F and Mirel, Daniel B and Pugh, Elizabeth W and Bierut, Laura J and Bhangale, Tushar and Boehm, Frederick and Caporaso, Neil E and Cornelis, Marilyn C and Edenberg, Howard J and others},
  journal={Genetic epidemiology},
  volume={34},
  number={6},
  pages={591--602},
  year={2010},
  publisher={Wiley Online Library}
}

@article{guo2014,
  title={Multi-perspective quality control of Illumina exome sequencing data using QC3},
  author={Guo, Yan and Zhao, Shilin and Sheng, Quanhu and Ye, Fei and Li, Jiang and Lehmann, Brian and Pietenpol, Jennifer and Samuels, David C and Shyr, Yu},
  journal={Genomics},
  volume={103},
  number={5-6},
  pages={323--328},
  year={2014},
  publisher={Elsevier}
}

@article{sayre2013,
  title={A New Map of Standardized     Terrestrial Ecosystems of Africa},    author={Sayre, R. G. et al.},    journal={American Association of Geographers}, year={2013}
}

@article{riveron2014,
  title={The highly polymorphic CYP6M7 cytochrome P450 gene partners with the directionally selected CYP6P9a and CYP6P9b genes to expand the pyrethroid resistance front in the malaria vector Anopheles funestus in Africa},
  author={Riveron, Jacob M and Ibrahim, Sulaiman S and Chanda, Emmanuel and Mzilahowa, Themba and Cuamba, Nelson and Irving, Helen and Barnes, Kayla G and Ndula, Miranda and Wondji, Charles S},
  journal={BMC genomics},
  volume={15},
  number={1},
  pages={817},
  year={2014},
  publisher={BioMed Central}
}

@article{muller2008,
  title={Field-caught permethrin-resistant Anopheles gambiae overexpress CYP6P3, a P450 that metabolises pyrethroids},
  author={M{\"u}ller, Pie and Warr, Emma and Stevenson, Bradley J and Pignatelli, Patricia M and Morgan, John C and Steven, Andrew and Yawson, Alexander E and Mitchell, Sara N and Ranson, Hilary and Hemingway, Janet and others},
  journal={PLoS genetics},
  volume={4},
  number={11},
  pages={e1000286},
  year={2008},
  publisher={Public Library of Science}
}
@article{main2018,
  title={Genetic variation associated with increased insecticide resistance in the malaria mosquito, Anopheles coluzzii},
  author={Main, Bradley J and Everitt, Amanda and Cornel, Anthony J and Hormozdiari, Fereydoun and Lanzaro, Gregory C},
  journal={Parasites \& vectors},
  volume={11},
  number={1},
  pages={225},
  year={2018},
  publisher={BioMed Central}
}

@article{tchigossou2018,
  title={Molecular basis of permethrin and DDT resistance in an Anopheles funestus population from Benin},
  author={Tchigossou, Genevieve and Djouaka, Rousseau and Akoton, Romaric and Riveron, Jacob M and Irving, Helen and Atoyebi, Seun and Moutairou, Kabirou and Yessoufou, Akadiri and Wondji, Charles S},
  journal={Parasites \& vectors},
  volume={11},
  number={1},
  pages={602},
  year={2018},
  publisher={BioMed Central}
}


@article{vontas2018,
  title={Rapid selection of a pyrethroid metabolic enzyme CYP9K1 by operational malaria control activities},
  author={Vontas, John and Grigoraki, Linda and Morgan, John and Tsakireli, Dimitra and Fuseini, Godwin and Segura, Luis and de Carvalho, Julie Niemczura and Nguema, Raul and Weetman, David and Slotman, Michel A and others},
  journal={Proceedings of the National Academy of Sciences},
  volume={115},
  number={18},
  pages={4619--4624},
  year={2018},
  publisher={National Acad Sciences}
}

@article{edi2014,
  title={CYP6 P450 enzymes and ACE-1 duplication produce extreme and multiple insecticide resistance in the malaria mosquito Anopheles gambiae},
  author={Edi, Constant V and Djogbenou, Luc and Jenkins, Adam M and Regna, Kimberly and Muskavitch, Marc AT and Poupardin, Rodolphe and Jones, Christopher M and Essandoh, John and Ketoh, Guillaume K and Paine, Mark JI and others},
  journal={PLoS genetics},
  volume={10},
  number={3},
  pages={e1004236},
  year={2014},
  publisher={Public Library of Science}
}

@article{faucon2015,
  title={Identifying genomic changes associated with insecticide resistance in the dengue mosquito Aedes aegypti by deep targeted sequencing},
  author={Faucon, Frederic and Dusfour, Isabelle and Gaude, Thierry and Navratil, Vincent and Boyer, Frederic and Chandre, Fabrice and Sirisopa, Patcharawan and Thanispong, Kanutcharee and Juntarajumnong, Waraporn and Poupardin, Rodolphe and others},
  journal={Genome research},
  volume={25},
  number={9},
  pages={1347--1359},
  year={2015},
  publisher={Cold Spring Harbor Lab}
}
@article{nikou2003,
  title={An adult-specific CYP6 P450 gene is overexpressed in a pyrethroid-resistant strain of the malaria vector, Anopheles gambiae},
  author={Nikou, Dimitra and Ranson, Hilary and Hemingway, Janet},
  journal={Gene},
  volume={318},
  pages={91--102},
  year={2003},
  publisher={Elsevier}
}

@article{lynd2005,
  title={A simplified high-throughput method for pyrethroid knock-down resistance (kdr) detection in Anopheles gambiae},
  author={Lynd, Amy and Ranson, Hilary and McCall, PJ and Randle, Nadine P and Black, William C and Walker, Edward D and Donnelly, Martin J},
  journal={Malaria Journal},
  volume={4},
  number={1},
  pages={16},
  year={2005},
  publisher={BioMed Central}
}

@article{wilson2018,
  title={Emergence of knock-down resistance in the Anopheles gambiae complex in the Upper River Region, The Gambia, and its relationship with malaria infection in children},
  author={Wilson, Anne L and Pinder, Margaret and Bradley, John and Donnelly, Martin J and Hamid-Adiamoh, Majidah and Jarju, Lamin BS and Jawara, Musa and Jeffries, David and Kandeh, Ballah and Rippon, Emily J and others},
  journal={Malaria journal},
  volume={17},
  number={1},
  pages={205},
  year={2018},
  publisher={BioMed Central}
}

@article{pinto2006,
  title={Co-occurrence of East and West African kdr mutations suggests high levels of resistance to pyrethroid insecticides in Anopheles gambiae from Libreville, Gabon},
  author={Pinto, J and Lynd, Amy and Elissa, N and Donnelly, MJ and Costa, C and Gentile, G and Caccone, A and Ros{\'a}rio, VE DO},
  journal={Medical and Veterinary Entomology},
  volume={20},
  number={1},
  pages={27--32},
  year={2006},
  publisher={Wiley Online Library}
}

@article{donnelly2009,
  title={Does kdr genotype predict insecticide-resistance phenotype in mosquitoes?},
  author={Donnelly, Martin J and Corbel, Vincent and Weetman, David and Wilding, Craig S and Williamson, Martin S and Black IV, William C},
  journal={Trends in parasitology},
  volume={25},
  number={5},
  pages={213--219},
  year={2009},
  publisher={Elsevier}
}

@article{caputo2011,
  title={The ``far-west'' of \textit{Anopheles gambiae} molecular forms},
  author={Caputo, Beniamino and Santolamazza, Federica and Vicente, Jos{\'e} L and Nwakanma, Davis C and Jawara, Musa and Palsson, Katinka and Jaenson, Thomas and White, Bradley J and Mancini, Emiliano and Petrarca, Vincenzo and others},
  journal={PloS one},
  volume={6},
  number={2},
  pages={e16415},
  year={2011},
  publisher={Public Library of Science}
}

@article{toe2018,
  title={Do bednets including piperonyl butoxide offer additional protection against populations of Anopheles gambiae sl. that are highly resistant to pyrethroids? An experimental hut evaluation in Burkina Fasov},
  author={Toe, KH and M{\"u}ller, P and Badolo, Athanase and Traore, Alphonse and Sagnon, N and Dabir{\'e}, RK and Ranson, Hilary},
  journal={Medical and veterinary entomology},
  volume={32},
  number={4},
  pages={407--416},
  year={2018},
  publisher={Wiley Online Library}
}

@article{killeen2018,
  title={Insecticide-resistant malaria vectors must be tackled},
  author={Killeen, Gerry F and Ranson, Hilary},
  journal={The Lancet},
  volume={391},
  number={10130},
  pages={1551--1552},
  year={2018},
  publisher={Elsevier}
}

@article{churcher2016,
  title={The impact of pyrethroid resistance on the efficacy and effectiveness of bednets for malaria control in Africa},
  author={Churcher, Thomas S and Lissenden, Natalie and Griffin, Jamie T and Worrall, Eve and Ranson, Hilary},
  journal={Elife},
  volume={5},
  pages={e16090},
  year={2016},
  publisher={eLife Sciences Publications Limited}
}


@article{darriet2011,
  title={Combining piperonyl butoxide and dinotefuran restores the efficacy of deltamethrin mosquito nets against resistant Anopheles gambiae (Diptera: Culicidae)},
  author={Darriet, Fr{\'e}d{\'e}ric and Chandre, Fabrice},
  journal={Journal of medical entomology},
  volume={48},
  number={4},
  pages={952--955},
  year={2011},
  publisher={Oxford University Press Oxford, UK}
}

@article{protopopoff2018,
  title={Effectiveness of a long-lasting piperonyl butoxide-treated insecticidal net and indoor residual spray interventions, separately and together, against malaria transmitted by pyrethroid-resistant mosquitoes: a cluster, randomised controlled, two-by-two factorial design trial},
  author={Protopopoff, Natacha and Mosha, Jacklin F and Lukole, Eliud and Charlwood, Jacques D and Wright, Alexandra and Mwalimu, Charles D and Manjurano, Alphaxard and Mosha, Franklin W and Kisinza, William and Kleinschmidt, Immo and others},
  journal={The Lancet},
  volume={391},
  number={10130},
  pages={1577--1588},
  year={2018},
  publisher={Elsevier}
}

@article{browning2015,
  title={Accurate non-parametric estimation of recent effective population size from segments of identity by descent},
  author={Browning, Sharon R and Browning, Brian L},
  journal={The American Journal of Human Genetics},
  volume={97},
  number={3},
  pages={404--418},
  year={2015},
  publisher={Elsevier}
}

@misc{miles2018,
  title={scikit-allel-Explore and analyse genetic variation. In., 1},
  author={Miles, A and Harding, N},
  year={2018}
}

@article{kyrou2018,
  title={A CRISPR--Cas9 gene drive targeting doublesex causes complete population suppression in caged \textit{Anopheles gambiae} mosquitoes},
  author={Kyrou, Kyros and Hammond, Andrew M and Galizi, Roberto and Kranjc, Nace and Burt, Austin and Beaghton, Andrea K and Nolan, Tony and Crisanti, Andrea},
  journal={Nature Biotechnology},
  volume={36},
  number={11},
  pages={1062-1066},
  year={2018},
  publisher={Nature Publishing Group}
}

@article{jasper2019genomic,
  title={A genomic approach to inferring kinship reveals limited intergenerational dispersal in the yellow fever mosquito},
  author={Jasper, Moshe and Schmidt, Thomas L and Ahmad, Nazni W and Sinkins, Steven P and Hoffmann, Ary A},
  journal={Molecular ecology resources},
  year={2019},
  publisher={Wiley Online Library}
}

@article{wright1946isolation,
  title={Isolation by distance under diverse systems of mating},
  author={Wright, Sewall},
  journal={Genetics},
  volume={31},
  number={1},
  pages={39},
  year={1946},
  publisher={Genetics Society of America}
}

@article{rousset1997genetic,
  title={Genetic differentiation and estimation of gene flow from F-statistics under isolation by distance},
  author={Rousset, Fran{\c{c}}ois},
  journal={Genetics},
  volume={145},
  number={4},
  pages={1219--1228},
  year={1997},
  publisher={Genetics Soc America}
}

@article{anopheles2017genetic,
  title={Genetic diversity of the African malaria vector Anopheles gambiae},
  author={Anopheles gambiae 1000 Genomes Consortium and others},
  journal={Nature},
  volume={552},
  number={7683},
  pages={96},
  year={2017},
  publisher={Nature Publishing Group}
}

@article{slatkin1998genetic,
  title={Genetic hitch-hiking in a subdivided population},
  author={Slatkin, Montgomery and Wiehe, Thomas},
  journal={Genetics Research},
  volume={71},
  number={2},
  pages={155--160},
  year={1998},
  publisher={Cambridge University Press}
}

@article{balabanidou2016cytochrome,
  title={Cytochrome P450 associated with insecticide resistance catalyzes cuticular hydrocarbon production in Anopheles gambiae},
  author={Balabanidou, Vasileia and Kampouraki, Anastasia and MacLean, Marina and Blomquist, Gary J and Tittiger, Claus and Ju{\'a}rez, M Patricia and Mijailovsky, Sergio J and Chalepakis, George and Anthousi, Amalia and Lynd, Amy and others},
  journal={Proceedings of the National Academy of Sciences},
  volume={113},
  number={33},
  pages={9268--9273},
  year={2016},
  publisher={National Acad Sciences}
  
}

@article{noble2018,
  title={Current CRISPR gene drive systems are likely to be highly invasive in wild populations},
  author={Noble, Charleston and Adlam, Ben and Church, George M and Esvelt, Kevin M and Nowak, Martin A},
  journal={Elife},
  volume={7},
  pages={e33423},
  year={2018},
  publisher={eLife Sciences Publications Limited}
}

@article{eckhoff2017,
  title={Impact of mosquito gene drive on malaria elimination in a computational model with explicit spatial and temporal dynamics},
  author={Eckhoff, Philip A and Wenger, Edward A and Godfray, H Charles J and Burt, Austin},
  journal={Proceedings of the National Academy of Sciences},
  volume={114},
  number={2},
  pages={E255--E264},
  year={2017},
  publisher={National Acad Sciences}
}

@article{ross1905,
  title={An Address ON THE LOGICAL BASIS OF THE SANITARY POLICY OF MOSQUITO REDUCTION: Delivered at the Section of Preventive Medicine of the International Congress of Arts and Science, Universal Exposition, St. Louis, September, 1904},
  author={Ross, Ronald},
  journal={British medical journal},
  volume={1},
  number={2315},
  pages={1025},
  year={1905},
  publisher={BMJ Publishing Group}
}


@misc{ross1911,
  title={Some quantitative studies in epidemiology},
  author={Ross, Ronald},
  year={1911},
  publisher={Nature Publishing Group}
}


@article{service1997,
  title={Mosquito (Diptera: Culicidae) dispersal—the long and short of it},
  author={Service, MW},
  journal={Journal of medical entomology},
  volume={34},
  number={6},
  pages={579--588},
  year={1997},
  publisher={Oxford University Press Oxford, UK}
}


@article{dao2014,
  title={Signatures of aestivation and migration in Sahelian malaria mosquito populations},
  author={Dao, A and Yaro, AS and Diallo, M and Timbin{\'e}, S and Huestis, DL and Kassogue, Y and Traor{\'e}, AI and Sanogo, ZL and Samak{\'e}, D and Lehmann, T},
  journal={Nature},
  volume={516},
  number={7531},
  pages={387},
  year={2014},
  publisher={Nature Publishing Group}
}

@article{kleinschmidt2018,
  title={Implications of insecticide resistance for malaria vector control with long-lasting insecticidal nets: a WHO-coordinated, prospective, international, observational cohort study},
  author={Kleinschmidt, Immo and Bradley, John and Knox, Tessa Bellamy and Mnzava, Abraham Peter and Kafy, Hmooda Toto and Mbogo, Charles and Ismail, Bashir Adam and Bigoga, Jude D and Adechoubou, Alioun and Raghavendra, Kamaraju and others},
  journal={The Lancet infectious diseases},
  volume={18},
  number={6},
  pages={640--649},
  year={2018},
  publisher={Elsevier}
}

@article{du2005,
  title={Independent mutations in the Rdl locus confer dieldrin resistance to Anopheles gambiae and An. arabiensis},
  author={Du, W and Awolola, TS and Howell, Ps and Koekemoer, LL and Brooke, BD and Benedict, MQ and Coetzee, M and Zheng, L},
  journal={Insect molecular biology},
  volume={14},
  number={2},
  pages={179--183},
  year={2005},
  publisher={Wiley Online Library}
}

@article{jones2012,
  title={Footprints of positive selection associated with a mutation (N1575Y) in the voltage-gated sodium channel of Anopheles gambiae},
  author={Jones, Christopher M and Liyanapathirana, Milindu and Agossa, Fiacre R and Weetman, David and Ranson, Hilary and Donnelly, Martin James and Wilding, Craig S},
  journal={Proceedings of the National Academy of Sciences},
  volume={109},
  number={17},
  pages={6614--6619},
  year={2012},
  publisher={National Acad Sciences}
}

@article{martinez1998,
  title={Molecular characterization of pyrethroid knockdown resistance (kdr) in the major malaria vector Anopheles gambiae ss Insect Mol Biol 7: 179-184. doi: 10. 1046/j. 1365-2583.1998. 72062. x},
  author={Martinez-Torres, D and Chandre, F and Williamson, MS and Darriet, F and Berg{\'e}, JB and Devonshire, AL and Guillet, P and Pasteur, N and Pauron, D},
  journal={View Article: Google Scholar: PubMed/NCBI},
  year={1998}
}

@article{mitchell2014,
  title={Metabolic and target-site mechanisms combine to confer strong DDT resistance in Anopheles gambiae},
  author={Mitchell, Sara N and Rigden, Daniel J and Dowd, Andrew J and Lu, Fang and Wilding, Craig S and Weetman, David and Dadzie, Samuel and Jenkins, Adam M and Regna, Kimberly and Boko, Pelagie and others},
  journal={PLoS One},
  volume={9},
  number={3},
  pages={e92662},
  year={2014},
  publisher={Public Library of Science}
}

@article{ranson2000,
  title={Identification of a point mutation in the voltage-gated sodium channel gene of Kenyan Anopheles gambiae associated with resistance to DDT and pyrethroids},
  author={Ranson, H and Jensen, B and Vulule, JM and Wang, X and Hemingway, J and Collins, FH},
  journal={Insect molecular biology},
  volume={9},
  number={5},
  pages={491--497},
  year={2000},
  publisher={Wiley Online Library}
}

@article{riveron2014,
  title={A single mutation in the GSTe2 gene allows tracking of metabolically based insecticide resistance in a major malaria vector},
  author={Riveron, Jacob M and Yunta, Cristina and Ibrahim, Sulaiman S and Djouaka, Rousseau and Irving, Helen and Menze, Benjamin D and Ismail, Hanafy M and Hemingway, Janet and Ranson, Hilary and Albert, Armando and others},
  journal={Genome biology},
  volume={15},
  number={2},
  pages={R27},
  year={2014},
  publisher={BioMed Central}
}

@article{weetman2018,
  title={Candidate-gene based GWAS identifies reproducible DNA markers for metabolic pyrethroid resistance from standing genetic variation in East African Anopheles gambiae},
  author={Weetman, David and Wilding, Craig S and Neafsey, Daniel E and M{\"u}ller, Pie and Ochomo, Eric and Isaacs, Alison T and Steen, Keith and Rippon, Emily J and Morgan, John C and Mawejje, Henry D and others},
  journal={Scientific reports},
  volume={8},
  number={1},
  pages={2920},
  year={2018},
  publisher={Nature Publishing Group}
}

@article{weill2003,
  title={Comparative genomics: Insecticide resistance in mosquito vectors},
  author={Weill, Myl{\`e}ne and Lutfalla, Georges and Mogensen, Knud and Chandre, Fabrice and Berthomieu, Arnaud and Berticat, Claire and Pasteur, Nicole and Philips, Alexandre and Fort, Philippe and Raymond, Michel},
  journal={Nature},
  volume={423},
  number={6936},
  pages={136},
  year={2003},
  publisher={Nature Publishing Group}
}

@article{donnelly2016,
  title={Identification, validation, and application of molecular diagnostics for insecticide resistance in malaria vectors},
  author={Donnelly, Martin J and Isaacs, Alison T and Weetman, David},
  journal={Trends in Parasitology},
  volume={32},
  number={3},
  pages={197--206},
  year={2016},
  publisher={Elsevier}
}

@article{world2016test,
  title={Test procedures for insecticide resistance monitoring in malaria vector mosquitoes},
  author={World Health Organization and others},
  year={2016},
  publisher={World Health Organization}
}

@article{lynd2010,
  title={Field, genetic, and modeling approaches show strong positive selection acting upon an insecticide resistance mutation in Anopheles gambiae ss},
  author={Lynd, Amy and Weetman, David and Barbosa, Susana and Egyir Yawson, Alexander and Mitchell, Sara and Pinto, Joao and Hastings, Ian and Donnelly, Martin J},
  journal={Molecular biology and evolution},
  volume={27},
  number={5},
  pages={1117--1125},
  year={2010},
  publisher={Oxford University Press}
}

@article{lucas2019,
  title={Whole-genome sequencing reveals high complexity of copy number variation at insecticide resistance loci in malaria mosquitoes},
  author={Lucas, Eric R and Miles, Alistair and Harding, Nicholas J and Clarkson, Chris S and Lawniczak, Mara KN and Kwiatkowski, Dominic P and Weetman, David and Donnelly, Martin J and Anopheles gambiae 1000 Genomes Consortium and others},
  journal={Genome research},
  volume={29},
  number={8},
  pages={1250--1261},
  year={2019},
  publisher={Cold Spring Harbor Lab}
}

@article{network2008,
  title={A global network for investigating the genomic epidemiology of malaria},
  author={Network, The Malaria Genomic Epidemiology},
  journal={Nature},
  volume={456},
  number={7223},
  pages={732},
  year={2008},
  publisher={Europe PMC Funders}
}

@article{chokshi2006,
  title={Data sharing and intellectual property in a genomic epidemiology network: policies for large-scale research collaboration},
  author={Chokshi, Dave A and Parker, Michael and Kwiatkowski, Dominic P},
  journal={Bulletin of the World health Organization},
  volume={84},
  pages={382--387},
  year={2006},
  publisher={SciELO Public Health}
}

@article{parker2009,
  title={Ethical data release in genome-wide association studies in developing countries},
  author={Parker, Michael and Bull, Susan J and de Vries, Jantina and Agbenyega, Tsiri and Doumbo, Ogobara K and Kwiatkowski, Dominic P},
  journal={PLoS medicine},
  volume={6},
  number={11},
  pages={e1000143},
  year={2009},
  publisher={Public Library of Science}
}

@article{xue2019,
  title={Discovery of ongoing selective sweeps within Anopheles mosquito populations using deep learning},
  author={Xue, Alexander T and Schrider, Daniel R and Kern, Andrew D and Ag1000G Consortium and others},
  journal={bioRxiv},
  pages={589069},
  year={2019},
  publisher={Cold Spring Harbor Laboratory}
}

@article{kyrou2018,
  title={A CRISPR--Cas9 gene drive targeting doublesex causes complete population suppression in caged Anopheles gambiae mosquitoes},
  author={Kyrou, Kyros and Hammond, Andrew M and Galizi, Roberto and Kranjc, Nace and Burt, Austin and Beaghton, Andrea K and Nolan, Tony and Crisanti, Andrea},
  journal={Nature biotechnology},
  volume={36},
  number={11},
  pages={1062},
  year={2018},
  publisher={Nature Publishing Group}
}

@article{khatri2018,
  title={Robust estimation of recent effective population size from number of independent origins in soft sweeps},
  author={Khatri, Bhavin S and Burt, Austin},
  journal={BioRxiv},
  pages={472266},
  year={2018},
  publisher={Cold Spring Harbor Laboratory}
}


@article{hemingway2000,
  title={Insecticide resistance in insect vectors of human disease},
  author={Hemingway, Janet and Ranson, Hilary},
  journal={Annual review of entomology},
  volume={45},
  number={1},
  pages={371--391},
  year={2000},
  publisher={Annual Reviews 4139 El Camino Way, PO Box 10139, Palo Alto, CA 94303-0139, USA}
}

@article{trape2001,
  title={The public health impact of chloroquine resistance in Africa},
  author={Trape, Jean-Fran{\c{c}}ois},
  journal={The American journal of tropical medicine and hygiene},
  volume={64},
  number={1\_suppl},
  pages={12--17},
  year={2001},
  publisher={ASTMH}
}
